<?xml version="1.0" encoding="UTF-8"?><collection xmlns="http://www.loc.gov/MARC21/slim"><record><leader>00361nam--2200133-i-4500</leader><controlfield tag="001">000046855</controlfield><controlfield tag="002">20161230</controlfield><controlfield tag="005">20161230201046</controlfield><controlfield tag="008">060222s1000------------r-----000-0-eng-d</controlfield><datafield ind1=" " ind2=" " tag="080"><subfield code="a">621.311.21</subfield></datafield><datafield ind1=" " ind2=" " tag="100"><subfield code="a">Voinin,B.A</subfield></datafield><datafield ind1=" " ind2=" " tag="245"><subfield code="a">Hidromecanizartea pe santierele centralelor hidroelectrice</subfield></datafield><datafield ind1=" " ind2=" " tag="260"><subfield code="a">Bucuresti, Ed.Energetica De Stat, 1954. 69 P</subfield></datafield><datafield ind1=" " ind2=" " tag="852"><subfield code="a">26872</subfield></datafield></record></collection>